@online{chordwiki,
    author = "Wikipedia",
    title = "Chord - Wikipedia",
    url  = "https://en.wikipedia.org/wiki/Chord_(music)",
    addendum = "(accessed: 10.27.2022)",
    keywords = "chord,wikipedia"
}

@online{bassnotewiki,
    author = "Wikipedia",
    title = "Bass note - Wikipedia",
    url  = "https://en.wikipedia.org/wiki/Bass_note",
    addendum = "(accessed: 10.27.2022)",
    keywords = "bass note,wikipedia"
}

@online{slashchordwiki,
    author = "Wikipedia",
    title = "Slash chord - Wikipedia",
    url  = "https://en.wikipedia.org/wiki/Slash_chord",
    addendum = "(accessed: 10.27.2022)",
    keywords = "slash chord,wikipedia"
}

@online{chromawiki,
    author = "Wikipedia",
    title = "Chroma feature - Wikipedia",
    url  = "https://en.wikipedia.org/wiki/Chroma_feature",
    addendum = "(accessed: 10.26.2022)",
    keywords = "chroma feature,wikipedia"
}
